<?xml version="1.0" encoding="UTF-8"?>
  <record xmlns="http://www.loc.gov/MARC21/slim" type="Authority">
    <leader>00000nz  a2200000nc 4500</leader>
    <controlfield tag="001">121279561</controlfield>
    <controlfield tag="003">DE-101</controlfield>
    <controlfield tag="005">20200525101318.0</controlfield>
    <controlfield tag="008">990802n||aznnnaabn           | aaa    |c</controlfield>
    <datafield tag="024" ind1="7" ind2=" ">
      <subfield code="a">121279561</subfield>
      <subfield code="0">http://d-nb.info/gnd/121279561</subfield>
      <subfield code="2">gnd</subfield>
    </datafield>
    <datafield tag="035" ind1=" " ind2=" ">
      <subfield code="a">(DE-101)121279561</subfield>
    </datafield>
    <datafield tag="035" ind1=" " ind2=" ">
      <subfield code="a">(DE-588)121279561</subfield>
    </datafield>
    <datafield tag="035" ind1=" " ind2=" ">
      <subfield code="z">(DE-588a)121279561</subfield>
      <subfield code="9">v:zg</subfield>
    </datafield>
    <datafield tag="040" ind1=" " ind2=" ">
      <subfield code="a">DE-12</subfield>
      <subfield code="c">DE-12</subfield>
      <subfield code="9">r:DE-12</subfield>
      <subfield code="b">ger</subfield>
      <subfield code="d">0103</subfield>
    </datafield>
    <datafield tag="042" ind1=" " ind2=" ">
      <subfield code="a">gnd1</subfield>
    </datafield>
    <datafield tag="043" ind1=" " ind2=" ">
      <subfield code="c">XA-DE</subfield>
    </datafield>
    <datafield tag="075" ind1=" " ind2=" ">
      <subfield code="b">p</subfield>
      <subfield code="2">gndgen</subfield>
    </datafield>
    <datafield tag="075" ind1=" " ind2=" ">
      <subfield code="b">piz</subfield>
      <subfield code="2">gndspec</subfield>
    </datafield>
    <datafield tag="079" ind1=" " ind2=" ">
      <subfield code="a">g</subfield>
      <subfield code="q">a</subfield>
      <subfield code="q">f</subfield>
      <subfield code="q">z</subfield>
      <subfield code="u">k</subfield>
    </datafield>
    <datafield tag="100" ind1="0" ind2=" ">
      <subfield code="a">Christiane</subfield>
      <subfield code="c">Schleswig-Holstein-Sonderburg-Glücksburg, Herzogin</subfield>
      <subfield code="d">1679-1722</subfield>
    </datafield>
    <datafield tag="375" ind1=" " ind2=" ">
      <subfield code="a">2</subfield>
      <subfield code="2">iso5218</subfield>
    </datafield>
    <datafield tag="400" ind1="0" ind2=" ">
      <subfield code="a">Christiana</subfield>
      <subfield code="c">Sachsen-Eisenberg, Herzogin</subfield>
      <subfield code="d">1679-1722</subfield>
    </datafield>
    <datafield tag="400" ind1="0" ind2=" ">
      <subfield code="a">Christiane</subfield>
      <subfield code="c">Sachsen-Eisenberg, Herzogin</subfield>
      <subfield code="d">1679-1722</subfield>
    </datafield>
    <datafield tag="400" ind1="0" ind2=" ">
      <subfield code="a">Christine</subfield>
      <subfield code="c">Sachsen-Eisenberg, Herzogin</subfield>
      <subfield code="d">1679-1722</subfield>
    </datafield>
    <datafield tag="400" ind1="0" ind2=" ">
      <subfield code="a">Christiana</subfield>
      <subfield code="c">Sachsen-Eisenberg, Prinzessin</subfield>
      <subfield code="d">1679-1722</subfield>
    </datafield>
    <datafield tag="400" ind1="0" ind2=" ">
      <subfield code="a">Christiane</subfield>
      <subfield code="c">Sachsen-Eisenberg, Prinzessin</subfield>
      <subfield code="d">1679-1722</subfield>
    </datafield>
    <datafield tag="400" ind1="0" ind2=" ">
      <subfield code="a">Christine</subfield>
      <subfield code="c">Sachsen-Eisenberg, Prinzessin</subfield>
      <subfield code="d">1679-1722</subfield>
    </datafield>
    <datafield tag="400" ind1="0" ind2=" ">
      <subfield code="a">Christiana</subfield>
      <subfield code="c">Sachsen, Herzogin</subfield>
      <subfield code="d">1679-1722</subfield>
    </datafield>
    <datafield tag="400" ind1="0" ind2=" ">
      <subfield code="a">Christiane</subfield>
      <subfield code="c">Sachsen, Herzogin</subfield>
      <subfield code="d">1679-1722</subfield>
    </datafield>
    <datafield tag="400" ind1="0" ind2=" ">
      <subfield code="a">Christine</subfield>
      <subfield code="c">Sachsen, Herzogin</subfield>
      <subfield code="d">1679-1722</subfield>
    </datafield>
    <datafield tag="400" ind1="0" ind2=" ">
      <subfield code="a">Christiana</subfield>
      <subfield code="c">Holstein-Sonderburg-Glücksburg, Herzogin</subfield>
      <subfield code="d">1679-1722</subfield>
    </datafield>
    <datafield tag="400" ind1="0" ind2=" ">
      <subfield code="a">Christiane</subfield>
      <subfield code="c">Holstein-Sonderburg-Glücksburg, Herzogin</subfield>
      <subfield code="d">1679-1722</subfield>
    </datafield>
    <datafield tag="400" ind1="0" ind2=" ">
      <subfield code="a">Christine</subfield>
      <subfield code="c">Holstein-Sonderburg-Glücksburg, Herzogin</subfield>
      <subfield code="d">1679-1722</subfield>
    </datafield>
    <datafield tag="400" ind1="0" ind2=" ">
      <subfield code="a">Christiana</subfield>
      <subfield code="c">Schleswig-Holstein-Sonderburg-Glücksburg, Herzogin</subfield>
      <subfield code="d">1679-1722</subfield>
    </datafield>
    <datafield tag="400" ind1="0" ind2=" ">
      <subfield code="a">Christine</subfield>
      <subfield code="c">Schleswig-Holstein-Sonderburg-Glücksburg, Herzogin</subfield>
      <subfield code="d">1679-1722</subfield>
    </datafield>
    <datafield tag="500" ind1="0" ind2=" ">
      <subfield code="0">(DE-101)119052520</subfield>
      <subfield code="0">(DE-588)119052520</subfield>
      <subfield code="0">https://d-nb.info/gnd/119052520</subfield>
      <subfield code="a">Christian</subfield>
      <subfield code="c">Sachsen-Eisenberg, Herzog</subfield>
      <subfield code="d">1653-1707</subfield>
      <subfield code="4">bezf</subfield>
      <subfield code="4">https://d-nb.info/standards/elementset/gnd#familialRelationship</subfield>
      <subfield code="w">r</subfield>
      <subfield code="i">Beziehung familiaer</subfield>
      <subfield code="e">Beziehung familiaer</subfield>
      <subfield code="9">v:Vater</subfield>
    </datafield>
    <datafield tag="500" ind1="0" ind2=" ">
      <subfield code="0">(DE-101)104175222</subfield>
      <subfield code="0">(DE-588)104175222</subfield>
      <subfield code="0">https://d-nb.info/gnd/104175222</subfield>
      <subfield code="a">Christiane</subfield>
      <subfield code="c">Sachsen-Eisenberg, Herzogin</subfield>
      <subfield code="d">1659-1679</subfield>
      <subfield code="4">bezf</subfield>
      <subfield code="4">https://d-nb.info/standards/elementset/gnd#familialRelationship</subfield>
      <subfield code="w">r</subfield>
      <subfield code="i">Beziehung familiaer</subfield>
      <subfield code="e">Beziehung familiaer</subfield>
      <subfield code="9">v:Mutter</subfield>
    </datafield>
    <datafield tag="500" ind1="0" ind2=" ">
      <subfield code="0">(DE-101)121279642</subfield>
      <subfield code="0">(DE-588)121279642</subfield>
      <subfield code="0">https://d-nb.info/gnd/121279642</subfield>
      <subfield code="a">Sophia Maria</subfield>
      <subfield code="c">Sachsen-Eisenberg, Herzogin</subfield>
      <subfield code="d">1661-1712</subfield>
      <subfield code="4">bezf</subfield>
      <subfield code="4">https://d-nb.info/standards/elementset/gnd#familialRelationship</subfield>
      <subfield code="w">r</subfield>
      <subfield code="i">Beziehung familiaer</subfield>
      <subfield code="e">Beziehung familiaer</subfield>
      <subfield code="9">v:Stiefmutter</subfield>
    </datafield>
    <datafield tag="500" ind1="0" ind2=" ">
      <subfield code="0">(DE-101)1019756373</subfield>
      <subfield code="0">(DE-588)1019756373</subfield>
      <subfield code="0">https://d-nb.info/gnd/1019756373</subfield>
      <subfield code="a">Friedrich</subfield>
      <subfield code="c">Schleswig-Holstein-Sonderburg-Glücksburg, Herzog</subfield>
      <subfield code="d">1701-1766</subfield>
      <subfield code="4">bezf</subfield>
      <subfield code="4">https://d-nb.info/standards/elementset/gnd#familialRelationship</subfield>
      <subfield code="w">r</subfield>
      <subfield code="i">Beziehung familiaer</subfield>
      <subfield code="e">Beziehung familiaer</subfield>
      <subfield code="9">v:Sohn</subfield>
    </datafield>
    <datafield tag="548" ind1=" " ind2=" ">
      <subfield code="a">1679-1722</subfield>
      <subfield code="4">datl</subfield>
      <subfield code="4">https://d-nb.info/standards/elementset/gnd#dateOfBirthAndDeath</subfield>
      <subfield code="w">r</subfield>
      <subfield code="i">Lebensdaten</subfield>
    </datafield>
    <datafield tag="548" ind1=" " ind2=" ">
      <subfield code="a">04.03.1679-24.05.1722</subfield>
      <subfield code="4">datx</subfield>
      <subfield code="4">https://d-nb.info/standards/elementset/gnd#dateOfBirthAndDeath</subfield>
      <subfield code="w">r</subfield>
      <subfield code="i">Exakte Lebensdaten</subfield>
    </datafield>
    <datafield tag="551" ind1=" " ind2=" ">
      <subfield code="0">(DE-101)042395836</subfield>
      <subfield code="0">(DE-588)4239583-5</subfield>
      <subfield code="0">https://d-nb.info/gnd/4239583-5</subfield>
      <subfield code="a">Eisenberg</subfield>
      <subfield code="g">Saale-Holzland-Kreis</subfield>
      <subfield code="4">ortg</subfield>
      <subfield code="4">https://d-nb.info/standards/elementset/gnd#placeOfBirth</subfield>
      <subfield code="w">r</subfield>
      <subfield code="i">Geburtsort</subfield>
    </datafield>
    <datafield tag="551" ind1=" " ind2=" ">
      <subfield code="0">(DE-101)040213285</subfield>
      <subfield code="0">(DE-588)4021328-6</subfield>
      <subfield code="0">https://d-nb.info/gnd/4021328-6</subfield>
      <subfield code="a">Glücksburg (Ostsee)</subfield>
      <subfield code="4">orts</subfield>
      <subfield code="4">https://d-nb.info/standards/elementset/gnd#placeOfDeath</subfield>
      <subfield code="w">r</subfield>
      <subfield code="i">Sterbeort</subfield>
    </datafield>
    <datafield tag="667" ind1=" " ind2=" ">
      <subfield code="a">VD-17</subfield>
    </datafield>
    <datafield tag="678" ind1=" " ind2=" ">
      <subfield code="b">Tochter von Herzog Christian von Sachsen-Eisenberg; ab 1699 erste Ehefrau von Herzog Philipp Ernst von Schleswig-Holstein-Sonderburg-Glücksburg (1673-1729)</subfield>
    </datafield>
    <datafield tag="913" ind1=" " ind2=" ">
      <subfield code="S">pnd</subfield>
      <subfield code="i">5</subfield>
      <subfield code="a">Christiana &lt;Sachsen-Eisenberg, Herzogin&gt;</subfield>
      <subfield code="0">(DE-588a)121279561</subfield>
    </datafield>
  </record>
